<record><leader>00000cas a2200000 a 4500</leader><controlfield tag="001">5053176</controlfield><controlfield tag="008">790611d19651985pauwr ne      0   a0eng d</controlfield><controlfield tag="009">467</controlfield><datafield ind1=" " ind2=" " tag="010"><subfield code="a">sn 79003025 </subfield></datafield><datafield ind1=" " ind2=" " tag="040"><subfield code="a">NSD</subfield><subfield code="b">eng</subfield><subfield code="c">NSD</subfield><subfield code="d">NPH</subfield><subfield code="d">OCL</subfield><subfield code="d">OCLCQ</subfield></datafield><datafield ind1=" " ind2=" " tag="012"><subfield code="k">1</subfield><subfield code="m">c</subfield></datafield><datafield ind1="1" ind2=" " tag="022"><subfield code="a">0192-5156</subfield><subfield code="l">0192-5156</subfield><subfield code="2">1</subfield></datafield><datafield ind1=" " ind2=" " tag="032"><subfield code="a">304690</subfield><subfield code="b">USPS</subfield></datafield><datafield ind1=" " ind2=" " tag="042"><subfield code="a">nsdp</subfield></datafield><datafield ind1="0" ind2=" " tag="130"><subfield code="a">Bucks-Mont courier (Harleysville, Pa. : 1965)</subfield></datafield><datafield ind1=" " ind2="0" tag="222"><subfield code="a">Bucks-Mont courier</subfield></datafield><datafield ind1="0" ind2="0" tag="245"><subfield code="a">Bucks-Mont courier.</subfield></datafield><datafield ind1="0" ind2="0" tag="246"><subfield code="a">Bucks Mont courier</subfield></datafield><datafield ind1=" " ind2=" " tag="260"><subfield code="a">Harleysville, Pa. :</subfield><subfield code="b">Donald E. Thwaits,</subfield><subfield code="c">1965-1985.</subfield></datafield><datafield ind1=" " ind2=" " tag="300"><subfield code="a">20 v. :</subfield><subfield code="b">ill. ;</subfield><subfield code="c">28-43 cm.</subfield></datafield><datafield ind1=" " ind2=" " tag="310"><subfield code="a">Weekly,</subfield><subfield code="b">&lt;1972-&gt;</subfield></datafield><datafield ind1=" " ind2=" " tag="321"><subfield code="a">Semimonthly,</subfield><subfield code="b">&lt;-1972&gt;.</subfield></datafield><datafield ind1=" " ind2=" " tag="321"><subfield code="a">Monthly,</subfield><subfield code="b">&lt;1966-1968&gt;.</subfield></datafield><datafield ind1="0" ind2=" " tag="362"><subfield code="a">Vol. 15, no. 11 (Nov. 1965)-v. 35, no. 18 (May 28, 1985).</subfield></datafield><datafield ind1=" " ind2=" " tag="500"><subfield code="a">"Serving suburban Norristown, Collegeville, Lansdale and Souderton area."</subfield></datafield><datafield ind1=" " ind2=" " tag="752"><subfield code="a">United States</subfield><subfield code="b">Pennsylvania</subfield><subfield code="c">Montgomery</subfield><subfield code="d">Harleysville.</subfield></datafield><datafield ind1="0" ind2="0" tag="780"><subfield code="t">Bucks-Mont farmer and courier</subfield><subfield code="w">(DLC)sn 88079062</subfield></datafield><datafield ind1="0" ind2="6" tag="785"><subfield code="t">Bucks-Mont courier (Harleysville, Pa. : North Penn ed.)</subfield><subfield code="w">(DLC)sn 88079022</subfield></datafield><datafield ind1="0" ind2="6" tag="785"><subfield code="t">Bucks-Mont courier (Harleysville, Pa. : Perkiomen Valley ed.)</subfield><subfield code="w">(DLC)sn 88079021</subfield></datafield><datafield ind1=" " ind2=" " tag="936"><subfield code="a">Apr. 17, 1979</subfield></datafield></record>